<record><leader>00000cas a2200000 a 4500</leader><controlfield tag="001">25772221</controlfield><controlfield tag="008">920506d19171920iludn ne      0   a0eng c</controlfield><datafield ind1=" " ind2=" " tag="010"><subfield code="a">sn 92053852 </subfield></datafield><datafield ind1=" " ind2=" " tag="040"><subfield code="a">NVF</subfield><subfield code="b">eng</subfield><subfield code="c">NVF</subfield><subfield code="d">NVF</subfield><subfield code="d">OCLCF</subfield><subfield code="d">NVF</subfield><subfield code="d">OCLCO</subfield></datafield><datafield ind1="1" ind2=" " tag="029"><subfield code="a">AU@</subfield><subfield code="b">000020745228</subfield></datafield><datafield ind1=" " ind2=" " tag="042"><subfield code="a">pcc</subfield></datafield><datafield ind1=" " ind2=" " tag="043"><subfield code="a">n-us-il</subfield></datafield><datafield ind1="0" ind2="0" tag="245"><subfield code="a">Mt. Vernon daily register.</subfield></datafield><datafield ind1="3" ind2=" " tag="246"><subfield code="a">Mount Vernon daily register</subfield></datafield><datafield ind1=" " ind2=" " tag="260"><subfield code="a">Mt. Vernon, Ill. :</subfield><subfield code="b">Maurice J. Seed,</subfield><subfield code="c">1917-1920.</subfield></datafield><datafield ind1=" " ind2=" " tag="300"><subfield code="a">v.</subfield></datafield><datafield ind1=" " ind2=" " tag="310"><subfield code="a">Daily (except Sunday)</subfield></datafield><datafield ind1="0" ind2=" " tag="362"><subfield code="a">Vol. 25, no. 82 (Mar. 15, 1917)-</subfield></datafield><datafield ind1="1" ind2=" " tag="362"><subfield code="a">Ceased in Sept. 1920.</subfield></datafield><datafield ind1=" " ind2=" " tag="515"><subfield code="a">Continues the numbering of Daily register (Mount Vernon, Ill.).</subfield></datafield><datafield ind1=" " ind2=" " tag="580"><subfield code="a">Merged with: Mount Vernon daily news, to form: Mt. Vernon register-news (Mount Vernon, Ill. : 1920).</subfield></datafield><datafield ind1=" " ind2=" " tag="588"><subfield code="a">Latest issue consulted: Apr. 30, 1920.</subfield></datafield><datafield ind1=" " ind2="0" tag="651"><subfield code="a">Mount Vernon (Ill.)</subfield><subfield code="v">Newspapers.</subfield></datafield><datafield ind1=" " ind2="7" tag="651"><subfield code="a">Illinois</subfield><subfield code="z">Mount Vernon.</subfield><subfield code="2">fast</subfield><subfield code="0">(OCoLC)fst01217905</subfield></datafield><datafield ind1=" " ind2="7" tag="655"><subfield code="a">Newspapers.</subfield><subfield code="2">fast</subfield><subfield code="0">(OCoLC)fst01423814</subfield></datafield><datafield ind1=" " ind2=" " tag="752"><subfield code="a">United States</subfield><subfield code="b">Illinois</subfield><subfield code="c">Jefferson</subfield><subfield code="d">Mount Vernon.</subfield></datafield><datafield ind1="1" ind2=" " tag="775"><subfield code="t">Mount Vernon register</subfield><subfield code="w">(DLC)sn 92053853</subfield><subfield code="w">(OCoLC)25772280</subfield></datafield><datafield ind1="0" ind2="0" tag="780"><subfield code="t">Daily register (Mount Vernon, Ill.)</subfield><subfield code="w">(DLC)sn 88084025</subfield><subfield code="w">(OCoLC)18329985</subfield></datafield><datafield ind1="1" ind2="7" tag="785"><subfield code="t">Mount Vernon daily news</subfield><subfield code="w">(DLC)sn 92053851</subfield><subfield code="w">(OCoLC)25772081</subfield></datafield><datafield ind1="1" ind2="7" tag="785"><subfield code="t">Mt. Vernon register-news (Mount Vernon, Ill. : 1920)</subfield><subfield code="w">(DLC)sn 87091080</subfield><subfield code="w">(OCoLC)16912619</subfield></datafield></record>